<?xml version="1.0" encoding="UTF-8"?><collection xmlns="http://www.loc.gov/MARC21/slim"><record><leader>00537nam--2200169-i-4500</leader><controlfield tag="001">000007567</controlfield><controlfield tag="002">20161230</controlfield><controlfield tag="005">20161230201027</controlfield><controlfield tag="008">060222s1000------------r-----000-0-ger-d</controlfield><datafield ind1=" " ind2=" " tag="040"><subfield code="a">IFIN-HH</subfield></datafield><datafield ind1=" " ind2=" " tag="041"><subfield code="a">ger</subfield></datafield><datafield ind1="1" ind2=" " tag="100"><subfield code="a">Bastawros, Awad</subfield></datafield><datafield ind1="1" ind2="0" tag="245"><subfield code="a">Darstellung verschiedener beugungsfelder skalarer und elektromagnetischer wellen mittels kugelfunktionen</subfield><subfield code="b">Inaugural - dissertation</subfield><subfield code="c">Awad bastawros</subfield></datafield><datafield ind1=" " ind2=" " tag="260"><subfield code="a">Tubingen</subfield><subfield code="b">Eberhard-karls-universitat</subfield><subfield code="c">1964</subfield></datafield><datafield ind1=" " ind2=" " tag="300"><subfield code="a">55 P</subfield></datafield><datafield ind1=" " ind2=" " tag="852"><subfield code="a">23415</subfield><subfield code="c">537:538</subfield></datafield><datafield ind1=" " ind2=" " tag="CAT"><subfield code="a">Sys</subfield><subfield code="c">20110614</subfield><subfield code="h">124232</subfield></datafield></record></collection>